<?xml version="1.0" encoding="UTF-8"?><collection xmlns="http://www.loc.gov/MARC21/slim"><record><leader>00564nam--2200181-i-4500</leader><controlfield tag="001">000017281</controlfield><controlfield tag="002">20161230</controlfield><controlfield tag="005">20170119000517</controlfield><controlfield tag="008">060222s1000------------r-----000-0-eng-d</controlfield><datafield ind1=" " ind2=" " tag="020"><subfield code="a">92-826-2</subfield></datafield><datafield ind1=" " ind2=" " tag="080"><subfield code="a">621.039.7</subfield></datafield><datafield ind1=" " ind2=" " tag="245"><subfield code="a">Study of leaching mechanisms of ions incorporeted in cement or polymer. Characterization of radioactive waste forms. A series of final reports (1985-1989)</subfield></datafield><datafield ind1=" " ind2=" " tag="260"><subfield code="a">Luxembourg</subfield><subfield code="c">1991</subfield></datafield><datafield ind1=" " ind2=" " tag="300"><subfield code="a">91 p</subfield></datafield><datafield ind1=" " ind2=" " tag="490"><subfield code="a">Nuclear Science And Technology</subfield></datafield><datafield ind1=" " ind2=" " tag="700"><subfield code="a">Amarantos, S. G</subfield></datafield><datafield ind1=" " ind2=" " tag="852"><subfield code="a">80182</subfield></datafield><datafield ind1=" " ind2=" " tag="CAT"><subfield code="a">SYS</subfield><subfield code="c">20170119</subfield><subfield code="h">000517</subfield></datafield></record></collection>